@article{schwarz1978estimating,
  title={Estimating the dimension of a model},
  author={Schwarz, Gideon},
  journal={The annals of statistics},
  pages={461--464},
  year={1978},
  publisher={JSTOR}
}

@incollection{akaike1998information,
  title={Information theory and an extension of the maximum likelihood principle},
  author={Akaike, Hirotogu},
  booktitle={Selected papers of hirotugu akaike},
  pages={199--213},
  year={1998},
  publisher={Springer}
}

@article{pearson1900x,
  title={X. On the criterion that a given system of deviations from the probable in the case of a correlated system of variables is such that it can be reasonably supposed to have arisen from random sampling},
  author={Pearson, Karl},
  journal={The London, Edinburgh, and Dublin Philosophical Magazine and Journal of Science},
  volume={50},
  number={302},
  pages={157--175},
  year={1900},
  publisher={Taylor \& Francis}
}

@article{freeman1970disks,
  title={On the disks of spiral and S0 galaxies},
  author={Freeman, Kenneth C},
  journal={Astrophysical Journal, vol. 160, p. 811},
  volume={160},
  pages={811},
  year={1970}
}


@article{mighell1989accurate,
  title={Accurate stellar photometry in crowded fields},
  author={Mighell, Kenneth John},
  journal={Monthly Notices of the Royal Astronomical Society},
  volume={238},
  number={3},
  pages={807--833},
  year={1989},
  publisher={Oxford University Press Oxford, UK}
}

@article{stetson1987daophot,
  title={DAOPHOT: A computer program for crowded-field stellar photometry},
  author={Stetson, Peter B},
  journal={Publications of the Astronomical Society of the Pacific},
  volume={99},
  number={613},
  pages={191},
  year={1987},
  publisher={IOP Publishing}
}

@book{hubble1982realm,
  title={The realm of the nebulae},
  author={Hubble, Edwin Powell},
  volume={25},
  year={1936},
  publisher={Yale University Press}
}

@incollection{hubble1979extra,
  title={Extra-galactic nebulae},
  author={Hubble, Edwin P},
  booktitle={A Source Book in Astronomy and Astrophysics, 1900--1975},
  pages={716--724},
  year={1926},
  publisher={Harvard University Press}
}


@article{levenberg1944method,
  title={A method for the solution of certain non-linear problems in least squares},
  author={Levenberg, Kenneth},
  journal={Quarterly of applied mathematics},
  volume={2},
  number={2},
  pages={164--168},
  year={1944}
}

@article{marquardt1963algorithm,
  title={An algorithm for least-squares estimation of nonlinear parameters},
  author={Marquardt, Donald W},
  journal={Journal of the society for Industrial and Applied Mathematics},
  volume={11},
  number={2},
  pages={431--441},
  year={1963},
  publisher={SIAM}
}

@article{sersic1963influence,
  title={Influence of the atmospheric and instrumental dispersion on the brightness distribution in a galaxy},
  author={S{\'e}rsic, JL},
  journal={Boletin de la Asociacion Argentina de Astronomia La Plata Argentina},
  volume={6},
  pages={41--43},
  year={1963}
}


@misc{PyImfit,
  author = {Perwin, That Guy I Don't Remember},
  title = {PyImfit: A Python wrapper for Imfit},
  year = {Year},
  publisher = {GitHub},
  journal = {GitHub repository},
  howpublished = {\url{https://github.com/perwin/pyimfit}}
}

@article{erwin2015imfit,
  title={IMFIT: a fast, flexible new program for astronomical image fitting},
  author={Erwin, Peter},
  journal={The Astrophysical Journal},
  volume={799},
  number={2},
  pages={226},
  year={2015},
  publisher={IOP Publishing}
}

@article{ned,
  author = {NED},
  title = {NASA/IPAC Extragalactic Database},
  year = {2023},
  url = {https://ned.ipac.caltech.edu/byname?objname=UGC09629&hconst=67.8&omegam=0.308&omegav=0.692&wmap=4&corr_z=1},
  note = {Last consulted on 10/02/2023}
}



@article{aghanim2020planck,
  title={Planck 2018 results-VI. Cosmological parameters},
  author={Aghanim, Nabila and Akrami, Yashar and Ashdown, Mark and Aumont, J and Baccigalupi, C and Ballardini, M and Banday, AJ and Barreiro, RB and Bartolo, N and Basak, S and others},
  journal={Astronomy \& Astrophysics},
  volume={641},
  pages={A6},
  year={2020},
  publisher={EDP sciences}
}



@article{jedrzejewski1987ccd,
  title={CCD surface photometry of elliptical galaxies--I. Observations, reduction and results},
  author={Jedrzejewski, Robert I},
  journal={Monthly Notices of the Royal Astronomical Society},
  volume={226},
  number={4},
  pages={747--768},
  year={1987},
  publisher={Oxford University Press Oxford, UK}
}